@book{monbiot2013feral,
  title={Feral: searching for enchantment on the frontiers of rewilding},
  author={Monbiot, George},
  year={2013},
  publisher={Penguin UK}
}

@article{mittelbach1995perturbation,
  title={Perturbation and resilience: a long-term, whole-lake study of predator extinction and reintroduction},
  author={Mittelbach, Gary G and Turner, Andrew M and Hall, Donald J and Rettig, Jessica E and Osenberg, Craig W},
  journal={Ecology},
  volume={76},
  number={8},
  pages={2347--2360},
  year={1995},
  publisher={Eco Soc America}
}

@article{hebblewhite2005human,
  title={Human activity mediates a trophic cascade caused by wolves},
  author={Hebblewhite, Mark and White, Clifford A and Nietvelt, Clifford G and McKenzie, John A and Hurd, Tomas E and Fryxell, John M and Bayley, Suzanne E and Paquet, Paul C},
  journal={Ecology},
  volume={86},
  number={8},
  pages={2135--2144},
  year={2005},
  publisher={Eco Soc America}
}

@article{soule1998rewilding,
  title={Rewilding and biodiversity: complementary goals for continental conservation},
  author={Soule, Michael and Noss, Reed},
  journal={Wild Earth},
  volume={8},
  pages={18--28},
  year={1998},
  publisher={The Cenozoic Society, INC.}
}

@article{lawler1993species,
  title={Species richness, species composition and population dynamics of protists in experimental microcosms},
  author={Lawler, Sharon P},
  journal={Journal of Animal Ecology},
  pages={711--719},
  year={1993},
  publisher={JSTOR}
}

@article{petchey1999environmental,
  title={Environmental warming alters food-web structure and ecosystem function},
  author={Petchey, Owen L and McPhearson, P Timon and Casey, Timothy M and Morin, Peter J},
  journal={Nature},
  volume={402},
  number={6757},
  pages={69--72},
  year={1999},
  publisher={Nature Publishing Group}
}

@article{steiner2005temporal,
  title={Temporal stability of aquatic food webs: partitioning the effects of species diversity, species composition and enrichment},
  author={Steiner, Christopher F and Long, Zachary T and Krumins, Jennifer A and Morin, Peter J},
  journal={Ecology Letters},
  volume={8},
  number={8},
  pages={819--828},
  year={2005},
  publisher={Wiley Online Library}
}

@article{benton2007microcosm,
  title={Microcosm experiments can inform global ecological problems},
  author={Benton, Tim G and Solan, Martin and Travis, Justin MJ and Sait, Steven M},
  journal={Trends in Ecology \& Evolution},
  volume={22},
  number={10},
  pages={516--521},
  year={2007},
  publisher={Elsevier}
}

@article{carpenter1996microcosm,
  title={Microcosm experiments have limited relevance for community and ecosystem ecology},
  author={Carpenter, Stephen R},
  journal={Ecology},
  volume={77},
  number={3},
  pages={677--680},
  year={1996},
  publisher={Eco Soc America}
}

@article{jessup2004big,
  title={Big questions, small worlds: microbial model systems in ecology},
  author={Jessup, Christine M and Kassen, Rees and Forde, Samantha E and Kerr, Ben and Buckling, Angus and Rainey, Paul B and Bohannan, Brendan JM},
  journal={Trends in Ecology \& Evolution},
  volume={19},
  number={4},
  pages={189--197},
  year={2004},
  publisher={Elsevier}
}

@article{buckling2009beagle,
  title={The Beagle in a bottle},
  author={Buckling, Angus and Maclean, R Craig and Brockhurst, Michael A and Colegrave, Nick},
  journal={Nature},
  volume={457},
  number={7231},
  pages={824--829},
  year={2009},
  publisher={Nature Publishing Group}
}

@article{cadotte2005dispersal,
  title={Dispersal, spatial scale, and species diversity in a hierarchically structured experimental landscape},
  author={Cadotte, Marc W and Fukami, Tadashi},
  journal={Ecology Letters},
  volume={8},
  number={5},
  pages={548--557},
  year={2005},
  publisher={Wiley Online Library}
}

@article{rubenstein2006pleistocene,
  title={Pleistocene Park: Does re-wilding North America represent sound conservation for the 21st century?},
  author={Rubenstein, Dustin R and Rubenstein, Daniel I and Sherman, Paul W and Gavin, Thomas A},
  journal={Biological Conservation},
  volume={132},
  number={2},
  pages={232--238},
  year={2006},
  publisher={Elsevier}
}

@article{mcclean2015single,
  title={Single gene locus changes perturb complex microbial communities as much as apex predator loss},
  author={McClean, Deirdre and McNally, Luke and Salzberg, Letal I and Devine, Kevin M and Brown, Sam P and Donohue, Ian},
  journal={Nature communications},
  volume={6},
  year={2015},
  publisher={Nature Publishing Group}
}